
@InCollection{sep:logicalempiricism,
	author       =	{Creath, Richard},
	title        =	{Logical Empiricism},
	booktitle    =	{The Stanford Encyclopedia of Philosophy},
	editor       =	{Edward N. Zalta},
	howpublished = \url{http://plato.stanford.edu/archives/spr2014/entries/logical-empiricism/},
	year         =	{2014},
	edition      =	{Spring 2014},
}

@inbook{ stross2008
     , title      = "Afterword: Inside the Fear Factory"
     , booktitle  = "The Atrocity Archives"
     , author     = "Charles Stross"
     , publisher  = "Ace Books"
     , year       = 2008
     , address    = "New York"
     , isbn       = "978-0441016686"
     , totalpages = 368
     , timestamp  = {2015.12.01}
     }

@online{ wiki:chaos
       , author  = {{Wikimedia Commons}}
       , title   = "Chaos magic ritual involving videoconferencing"
       , year    = 2009
       , urldate = "2015.12.01"
       , url     = \url{https://commons.wikimedia.org/wiki/File:Chaos_magic_ritual_involving_videoconferencing.JPG}
       , howpublished    = "File: \texttt{Chaos\_magic\_ritual\_involving\_videoconferencing.JPG}"
       }

@online { madara
        , author  = "Joshua Madara"
        , title   = {{Joshua Madara~\guillemotleft~hyperRitual}}
        , url     = {http://hyperritual.com/joshua/}
        , urldate = "2015.12.01"
        }

@article{ madarabeing
        , title = {Being {A}thanor: The Alchemist as Cyborg}
        , author = "Joshua Madara"
        , journal={hyperritual.com}
        , url = \url{http://hyperritual.com/doc/portfolio/being_athanor.pdf}
        , urldate = "2015.12.01"
        }

@article{ madaramagic
        , title   = {Of Magic and Machine}
        , author  = {Madara, Joshua}
        , journal = {hyperritual.com}
        , url = \url{http://hyperritual.com/doc/portfolio/being_athanor.pdf}
        , urldate = "2015.12.01"
        }

@article{wechsler2011active,
  title={Active albuterol or placebo, sham acupuncture, or no intervention in asthma},
  author={Wechsler, Michael E and Kelley, John M and Boyd, Ingrid OE and Dutile, Stefanie and Marigowda, Gautham and Kirsch, Irving and Israel, Elliot and Kaptchuk, Ted J},
  journal={New England Journal of Medicine},
  volume={365},
  number={2},
  pages={119--126},
  year={2011},
  publisher={Mass Medical Soc}
}

@book{carroll1987liber,
  title={Liber Null \& Psychonaut: An Introduction to Chaos Magic},
  author={Carroll, Peter J},
  year={1987},
  publisher={Weiser Books},
  address = "York Beach, Maine",
  isbn = "978-0877286394"
}
@book{sherwin1992book,
  title={The Book of Results},
  author={Sherwin, Ray},
  year={1992},
  publisher={Revelations 23 Press},
  isbn = "978-1411625587"
}
@book{carroll1992liber,
  title={Liber Kaos},
  author={Carroll, Peter J},
  year={1992},
  publisher={Weiser Books},
  address="York Beach, Maine",
  isbn= "978-0877287421"
}

@article{nagel1974like,
  title={What is it like to be a bat?},
  author={Nagel, Thomas},
  journal={The philosophical review},
  pages={435--450},
  year={1974},
  publisher={JSTOR}
}

@incollection{clarke1962hazards,
  title={Hazards of prophecy: the failure of imagination},
  author={Clarke, Arthur C},
  booktitle={Profiles of the Future},
  publisher = {Bantam Books},
    year={1968},
    isbn={978-1898801214},
    url=\url{http://amazon.com/o/ASIN/1898801215/},
    timestamp={2015.12.01}
}
