@book{carroll1987liber,
  title={Liber Null \& Psychonaut: An Introduction to Chaos Magic},
  author={Carroll, Peter J},
  year={1987},
  publisher={Weiser Books}
}
@book{sherwin1992book,
  title={The Book of Results},
  author={Sherwin, Ray},
  year={1992},
  publisher={Revelations 23 Press}
}
@book{carroll1992liber,
  title={Liber Kaos},
  author={Carroll, Peter J},
  year={1992},
  publisher={Weiser Books}
}
@book{popper1999all,
  title={All life is problem solving},
  author={Popper, Karl Raimund},
  year={1999},
  publisher={Psychology Press}
}
@article{engebrecht1983bacterial,
  title={Bacterial bioluminescence: isolation and genetic analysis of functions from Vibrio fischeri},
  author={Engebrecht, Joanne and Nealson, Kenneth and Silverman, Michael},
  journal={Cell},
  volume={32},
  number={3},
  pages={773--781},
  year={1983},
  publisher={Elsevier}
}
@reference{brock,
  Editor = {Michael T. Madigan, John M. Martinko},
  Title = {Brock Biology Of Microorganisms},
  Publisher = {Pearson Prentice Hall},
  Year = 2006,
  ISBN = {0131443291},
  edition = {11th}
  }

@inreference{ dictPhotobacterium
  , author    = ""
  , title     = "Photobacterium"
  , crossref  = {dictMicrobio}
}

@inreference{ dictVibrio
  , author    = ""
  , title     = "Vibrio"
  , crossref  = {dictMicrobio}
}

@reference {dictMicrobio
    , editor    = "Paul Singleton and Diana Sainsbury"
    , title = "Dictionary of Microbiology \& Molecular Biology"
    , publisher = "Wiley"
    , year      = 2006
}

@online { instructablesLightbulb,
    author = "drdan152"
  , title  = "Bioluminescent Bacterial Lightbulb / Water Pollution Tester"
  , url    = {http://www.instructables.com/id/Bioluminescent-Bacterial-Lightbulb-Water-Polluti/}
}

@online { instructablesAlgae,
    author = "ScaryBunnyMan"
  , title  = "Grow Your Own Bioluminescent Algae"
  , url    = {http://www.instructables.com/id/Grow-Your-Own-Bioluminescent-Algae/}
}

@online { instructablesFountain
, author = "Patrik"
, title = "The Light Fountain: a Bioluminescent Hourglass"
, url = {http://www.instructables.com/id/The-Light-Fountain-a-Bioluminescent-Hourglass/}}

@article{anker2004molecular,
  title={The molecular gaze. art in the genetic age.},
  author={Anker, Suzanne},
  journal={The Cold Spring Harbor Laboratory Press series on genomics, bioethics, and public policy.},
  year={2004},
  publisher={Cold Spring Harbor, NY. Cold Spring Harbor Laboratory Press}
}
@article{pentecost2008outfitting,
  title={Outfitting the Laboratory of the Symbolic},
  author={Pentecost, Claire},
  journal={Tactical biopolitics: Art, activism, and technoscience},
  pages={107},
  year={2008},
  publisher={The MIT Press}
}
@article{kac2003gfp,
  title={GFP bunny},
  author={Kac, Eduardo},
  journal={Leonardo},
  volume={36},
  number={2},
  pages={97--102},
  year={2003},
  publisher={MIT Press}
}
@article{petkewich2003scientist,
  title={Scientist Create Bonds with Artists},
  author={Petkewich, Michael J Felton and Rachel A},
  journal={Analytical Chemistry},
  volume={75},
  number={7},
  pages={166--A},
  year={2003},
  publisher={ACS Publications}
}

@online { bioglyphs
        , author = {{Montana State University Bozeman School of Art,
Center for Biofilm Engineering}}
        , title  = "Bioglyphs: a living collaboration with bioluminescent organisms"
        , url    = {http://www.biofilm.montana.edu/Bioglyphs/default.htm}
        , year   = "2002-2003"
        }

@online { benignNorHostile
        , author = {Byron Rich}
        , title  = {Benign Nor Hostile, Merely Indifferent}
        , url    = {http://www.byronrich.com/Benign-Nor-Hostile-2013}
        , year   = 2013 }

@online { madara
        , author = "Joshua Madara"
        , title  = {{Joshua Madara~\guillemotleft~hyperRitual}}
        , url    = {http://hyperritual.com/joshua/}
        }

@article{madarabeing,
  title={Being Athanor: The Alchemist as Cyborg},
  author={Madara, Joshua},
  journal={hyperritual.com},
  howpublished = {\url{http://hyperritual.com/doc/portfolio/being_athanor.pdf}}
}

@article{madaramagic,
  title={Of Magic and Machine},
  author={Madara, Joshua},
  journal={hyperritual.com},
  howpublished = {\url{http://hyperritual.com/doc/portfolio/of_magic_and_machine.pdf}}
}
